<?xml version="1.0" encoding="UTF-8"?><record xmlns="http://www.loc.gov/MARC21/slim" xmlns:cinclude="http://apache.org/cocoon/include/1.0" xmlns:zs="http://www.loc.gov/zing/srw/">
  <leader>00444cz  a2200145n  4500</leader>
  <controlfield tag="001">n  79140202 </controlfield>
  <controlfield tag="003">DLC</controlfield>
  <controlfield tag="005">20090221081209.0</controlfield>
  <controlfield tag="008">791205n| acannaabn          |b aaa      </controlfield>
  <datafield tag="010" ind1=" " ind2=" ">
    <subfield code="a">n  79140202 </subfield>
  </datafield>
  <datafield tag="035" ind1=" " ind2=" ">
    <subfield code="a">(OCoLC)oca00371461</subfield>
  </datafield>
  <datafield tag="040" ind1=" " ind2=" ">
    <subfield code="a">DLC</subfield>
    <subfield code="b">eng</subfield>
    <subfield code="c">DLC</subfield>
    <subfield code="d">OCoLC</subfield>
  </datafield>
  <datafield tag="100" ind1="1" ind2=" ">
    <subfield code="a">Rāẏa, Phakira Candra</subfield>
  </datafield>
  <datafield tag="400" ind1="0" ind2=" ">
    <subfield code="a">Phakira Candra Rāẏa</subfield>
  </datafield>
  <datafield tag="670" ind1=" " ind2=" ">
    <subfield code="a">His Svādhīnatā āndolanera paṭabhūmikāẏa, 1978- :</subfield>
    <subfield code="b">t.p. (Phakira Candra Rāẏa)</subfield>
  </datafield>
</record>